<?xml version="1.0" encoding="UTF-8"?><collection xmlns="http://www.loc.gov/MARC21/slim"><record><leader>00396nam--2200133-i-4500</leader><controlfield tag="001">000009059</controlfield><controlfield tag="002">20161230</controlfield><controlfield tag="005">20161230201028</controlfield><controlfield tag="008">060222s1000------------r-----000-0-eng-d</controlfield><datafield ind1=" " ind2=" " tag="080"><subfield code="a">581.132</subfield></datafield><datafield ind1=" " ind2=" " tag="100"><subfield code="a">Corker, Gerald Aloysius</subfield></datafield><datafield ind1=" " ind2=" " tag="245"><subfield code="a">The use of a nitroxide radical as a test reagent of the primary processes of photosyn thesis. thesis</subfield></datafield><datafield ind1=" " ind2=" " tag="260"><subfield code="a">Ann Arbor, 1967 Vii + 209 P</subfield></datafield><datafield ind1=" " ind2=" " tag="852"><subfield code="a">31268</subfield></datafield></record></collection>